
   <record>
      <leader>00000nz  a2200000nc 4500</leader>
      <controlfield tag="001">institutions/30000147</controlfield>
      <controlfield tag="003">DE-633</controlfield>
      <controlfield tag="005">20250620051953.0</controlfield>
      <controlfield tag="008">161109||||z|||a|||||||||||||||||n||||||d</controlfield>
      <datafield tag="024" ind1="7" ind2=" ">
         <subfield code="a">155830382</subfield>
         <subfield code="2">VIAF</subfield>
      </datafield>
      <datafield tag="024" ind1="7" ind2=" ">
         <subfield code="a">N-T</subfield>
         <subfield code="q">siglum</subfield>
         <subfield code="2">rism</subfield>
      </datafield>
      <datafield tag="034" ind1="1" ind2=" ">
         <subfield code="d">10.385428</subfield>
         <subfield code="f">63.428888</subfield>
      </datafield>
      <datafield tag="040" ind1=" " ind2=" ">
         <subfield code="a">DE-633</subfield>
         <subfield code="c">DE-633</subfield>
         <subfield code="e">rismg</subfield>
      </datafield>
      <datafield tag="043" ind1=" " ind2=" ">
         <subfield code="c">XA-NO</subfield>
      </datafield>
      <datafield tag="110" ind1="1" ind2=" ">
         <subfield code="a">Gunnerusbiblioteket, NTNU Universitetsbiblioteket</subfield>
         <subfield code="c">Trondheim</subfield>
         <subfield code="g">N-T</subfield>
      </datafield>
      <datafield tag="368" ind1=" " ind2=" ">
         <subfield code="a">Institution</subfield>
         <subfield code="a">Library</subfield>
      </datafield>
      <datafield tag="371" ind1=" " ind2=" ">
         <subfield code="a">Visitors:</subfield>
         <subfield code="a">Kalvskinnsgata 1B</subfield>
         <subfield code="b">Trondheim</subfield>
         <subfield code="d">Norway</subfield>
         <subfield code="e">7012</subfield>
         <subfield code="m">gunnbib@ub.ntnu.no</subfield>
         <subfield code="u">https://www.ntnu.no/ub/bibliotek/gunnerus</subfield>
         <subfield code="z">tel: +47 / 73 59 22 05</subfield>
         <subfield code="z">fax: +47 / 73 59 21 99</subfield>
      </datafield>
      <datafield tag="371" ind1=" " ind2=" ">
         <subfield code="a">Postal adress:</subfield>
         <subfield code="a">Høgskoleringen 1</subfield>
         <subfield code="b">Trondheim</subfield>
         <subfield code="d">Norway</subfield>
         <subfield code="e">7491</subfield>
      </datafield>
      <datafield tag="410" ind1=" " ind2=" ">
         <subfield code="a">Kongelige Norske Videnskabers Selskab, Biblioteket</subfield>
      </datafield>
      <datafield tag="551" ind1="1" ind2=" ">
         <subfield code="a">Trondheim</subfield>
         <subfield code="0">places/3900092</subfield>
      </datafield>
      <datafield tag="667" ind1=" " ind2=" ">
         <subfield code="a">Published sources: 356</subfield>
      </datafield>
   </record>