
   <record>
      <leader>00000nz  a2200000nc 4500</leader>
      <controlfield tag="001">institutions/30002018</controlfield>
      <controlfield tag="003">DE-633</controlfield>
      <controlfield tag="005">20250620052009.0</controlfield>
      <controlfield tag="008">161109||||z|||a|||||||||||||||||n||||||d</controlfield>
      <datafield tag="024" ind1="7" ind2=" ">
         <subfield code="a">6301149368806585980009</subfield>
         <subfield code="2">VIAF</subfield>
      </datafield>
      <datafield tag="024" ind1="7" ind2=" ">
         <subfield code="a">N-Tmi</subfield>
         <subfield code="q">siglum</subfield>
         <subfield code="2">rism</subfield>
      </datafield>
      <datafield tag="034" ind1="1" ind2=" ">
         <subfield code="d">10.403471</subfield>
         <subfield code="f">63.433267</subfield>
      </datafield>
      <datafield tag="040" ind1=" " ind2=" ">
         <subfield code="a">DE-633</subfield>
         <subfield code="c">DE-633</subfield>
         <subfield code="e">rismg</subfield>
      </datafield>
      <datafield tag="043" ind1=" " ind2=" ">
         <subfield code="c">XA-NO</subfield>
      </datafield>
      <datafield tag="110" ind1="1" ind2=" ">
         <subfield code="a">NTNU Institutt for musikk, Musikkbiblioteket</subfield>
         <subfield code="c">Trondheim</subfield>
         <subfield code="g">N-Tmi</subfield>
      </datafield>
      <datafield tag="368" ind1=" " ind2=" ">
         <subfield code="a">Institution</subfield>
         <subfield code="a">Library</subfield>
      </datafield>
      <datafield tag="371" ind1=" " ind2=" ">
         <subfield code="a">Postal adress:</subfield>
         <subfield code="a">Høgskoleringen 1</subfield>
         <subfield code="b">Trondheim</subfield>
         <subfield code="d">Norway</subfield>
         <subfield code="e">7491</subfield>
         <subfield code="m">musikkbib@ub.ntnu.no</subfield>
         <subfield code="u">http://www.ntnu.no/ub/bibliotek/musikk</subfield>
         <subfield code="z">tel: +47 / 73 59 73 47</subfield>
      </datafield>
      <datafield tag="371" ind1=" " ind2=" ">
         <subfield code="a">Visitors:</subfield>
         <subfield code="a">Kjøpmannsgt. 42 (2. floor, Olavskv.)</subfield>
         <subfield code="b">Trondheim</subfield>
         <subfield code="d">Norway</subfield>
         <subfield code="e">7491</subfield>
      </datafield>
      <datafield tag="410" ind1=" " ind2=" ">
         <subfield code="a">Norges teknisk-naturvitenskapelig universitet, Musikkvitenskapelig institutt</subfield>
      </datafield>
      <datafield tag="410" ind1=" " ind2=" ">
         <subfield code="a">Musikkvitenskapelig Institutt, Universitet i Trondheim, NLHT</subfield>
      </datafield>
      <datafield tag="410" ind1=" " ind2=" ">
         <subfield code="a">Institute of Musicology</subfield>
      </datafield>
      <datafield tag="551" ind1="1" ind2=" ">
         <subfield code="a">Trondheim</subfield>
         <subfield code="0">places/3900092</subfield>
      </datafield>
   </record>
</collection>
